<?xml version="1.0" encoding="UTF-8"?><collection xmlns="http://www.loc.gov/MARC21/slim"><record><leader>00552nam--2200169-i-4500</leader><controlfield tag="001">000031078</controlfield><controlfield tag="002">20161230</controlfield><controlfield tag="005">20161230201038</controlfield><controlfield tag="008">060222s1000------------r-----000-0-eng-d</controlfield><datafield ind1=" " ind2=" " tag="040"><subfield code="a">IFIN-HH</subfield></datafield><datafield ind1=" " ind2=" " tag="080"><subfield code="a">537.635:539.143.43:539.124.143(061.3)</subfield></datafield><datafield ind1="1" ind2=" " tag="100"><subfield code="a">Smidt, J</subfield></datafield><datafield ind1="1" ind2="0" tag="245"><subfield code="a">Magnetic and electric resonance and relaxation</subfield><subfield code="b">Proceedings of the xth colloque ampere, eindhoven, july 2-7, 1962</subfield><subfield code="c">J. smidt (ed.)</subfield></datafield><datafield ind1=" " ind2=" " tag="260"><subfield code="a">Amsterdam</subfield><subfield code="b">North-holland Publishing</subfield><subfield code="c">1963</subfield></datafield><datafield ind1=" " ind2=" " tag="300"><subfield code="a">XI+789P</subfield></datafield><datafield ind1=" " ind2=" " tag="852"><subfield code="a">19456</subfield><subfield code="c">539.143.43</subfield></datafield><datafield ind1=" " ind2=" " tag="CAT"><subfield code="a">Sys</subfield><subfield code="c">20120419</subfield><subfield code="h">105418</subfield></datafield></record></collection>